@article{fiszbein2022agricultural,
  title={Agricultural Diversity, Structural Change, and Long-Run Development: Evidence from the United States},
  author={Fiszbein, Martin},
  journal={American Economic Journal: Macroeconomics},
  volume={14},
  number={2},
  pages={1--43},
  year={2022}
}
